@online{slides,
	author = {Albert Oliveras and Enric Rodr√≠guez-Carbonell},
	title = {Satisfiability Modulo Difference Logic},
	date = {2016-05-25},
	url = {https://www.cs.upc.edu/~erodri/webpage/cps/theory/sat/SMT-DL/slides.pdf},
}

@online{DPLLmethod,
	author = {Alessandro Farinelli},
	title = {DPLL method},
	date = {2010/2011},
	url = {http://profs.sci.univr.it/~farinelli/courses/ar/slides/DPLL.pdf},
	titleaddon = {Automated Reasoning},
	organization = {University of Verona},
}

@book{CLRS,
	author = {Cormen, Thomas H. and Leiserson, Charles E. and Rivest, Ronald L. and Stein, Clifford},
%	title = {Introduction to Algorithms, Third Edition},
	title = {Introduction to Algorithms},
	year = {2009},
	isbn = {0262033844, 9780262033848},
	edition = {3rd},
	publisher = {The MIT Press},
}

@book{SICP,
	author = {Abelson, Harold and Sussman, Gerald J.},
	title = {Structure and Interpretation of Computer Programs},
	year = {1996},
	isbn = {0262011530},
	edition = {2nd},
	publisher = {MIT Press},
	address = {Cambridge, MA, USA},
}
